<record><leader>00000cas a22000007a 4500</leader><controlfield tag="001">12429071</controlfield><controlfield tag="008">850827d19231960utuwr ne      0    0eng d</controlfield><datafield ind1=" " ind2=" " tag="010"><subfield code="a">sn 85058218 </subfield></datafield><datafield ind1=" " ind2=" " tag="040"><subfield code="a">UNP</subfield><subfield code="b">eng</subfield><subfield code="c">UNP</subfield><subfield code="d">OCLCQ</subfield><subfield code="d">UBY</subfield><subfield code="d">DLC</subfield><subfield code="d">OCLCQ</subfield><subfield code="d">OCLCF</subfield><subfield code="d">OCLCO</subfield></datafield><datafield ind1="1" ind2=" " tag="029"><subfield code="a">AU@</subfield><subfield code="b">000023526341</subfield></datafield><datafield ind1=" " ind2=" " tag="042"><subfield code="a">msc</subfield></datafield><datafield ind1=" " ind2=" " tag="043"><subfield code="a">n-us-ut</subfield></datafield><datafield ind1="0" ind2=" " tag="130"><subfield code="a">Summit County bee (Coalville, Utah : 1923)</subfield></datafield><datafield ind1="1" ind2="4" tag="245"><subfield code="a">The Summit County bee.</subfield></datafield><datafield ind1="1" ind2="3" tag="246"><subfield code="a">Summit County bee and the Morgan County news</subfield><subfield code="f">&lt;Oct. 3, 1924-Feb. 6, 1925&gt;</subfield></datafield><datafield ind1=" " ind2=" " tag="260"><subfield code="a">Coalville, Utah :</subfield><subfield code="b">C.B. Wallace,</subfield><subfield code="c">-1960.</subfield></datafield><datafield ind1=" " ind2=" " tag="300"><subfield code="a">v. :</subfield><subfield code="b">ill. ;</subfield><subfield code="c">57 cm.</subfield></datafield><datafield ind1=" " ind2=" " tag="310"><subfield code="a">Weekly</subfield></datafield><datafield ind1="1" ind2=" " tag="362"><subfield code="a">Began in Oct. 1923?</subfield><subfield code="z">Cf. Alter, J.C. Early Utah journalism.</subfield></datafield><datafield ind1="0" ind2=" " tag="362"><subfield code="a">-v. 37, no. 27 (June 30, 1960).</subfield></datafield><datafield ind1=" " ind2=" " tag="500"><subfield code="a">Also published as: Summit County bee and the Morgan County news.</subfield></datafield><datafield ind1=" " ind2=" " tag="500"><subfield code="a">"Centennial ed." issued July 23, 1959.</subfield></datafield><datafield ind1=" " ind2=" " tag="515"><subfield code="a">June 21, 1945 issue incorrectly marked as June 14.</subfield></datafield><datafield ind1=" " ind2=" " tag="525"><subfield code="a">Supplements accompany some issues.</subfield></datafield><datafield ind1=" " ind2=" " tag="525"><subfield code="a">Monthly newspaper for North Summit High School, "The Zip," issued as a supplement, &lt;Nov. 14, 1924-Apr. 10, 1925&gt;.</subfield></datafield><datafield ind1=" " ind2=" " tag="525"><subfield code="a">Monthly newspaper for Morgan County High School, "The Courier," issued as a supplement, &lt;Feb. 6, 1925-Apr. 3, 1925&gt;.</subfield></datafield><datafield ind1=" " ind2=" " tag="580"><subfield code="a">Merged with: Park record (Park City, Utah : 1884), to form: Summit County bee and Park record.</subfield></datafield><datafield ind1=" " ind2=" " tag="580"><subfield code="a">Issued from the same office: Morgan County news, &lt;1923-1925&gt;.</subfield></datafield><datafield ind1=" " ind2=" " tag="580"><subfield code="a">Printed in Morgan, Utah at the office of: Morgan County news, for distribution in Coalville, Utah, Aug. 19, 1954-1960.</subfield></datafield><datafield ind1=" " ind2=" " tag="588"><subfield code="a">Description based on: Vol. 1, no. 50 (Oct. 3, 1924).</subfield></datafield><datafield ind1=" " ind2="0" tag="651"><subfield code="a">Coalville (Utah)</subfield><subfield code="v">Newspapers.</subfield></datafield><datafield ind1=" " ind2="0" tag="651"><subfield code="a">Summit County (Utah)</subfield><subfield code="v">Newspapers.</subfield></datafield><datafield ind1=" " ind2="7" tag="655"><subfield code="a">Newspapers.</subfield><subfield code="2">fast</subfield><subfield code="0">(OCoLC)fst01423814</subfield></datafield><datafield ind1=" " ind2="7" tag="651"><subfield code="a">Utah</subfield><subfield code="z">Coalville.</subfield><subfield code="2">fast</subfield><subfield code="0">(OCoLC)fst01296829</subfield></datafield><datafield ind1=" " ind2="7" tag="651"><subfield code="a">Utah</subfield><subfield code="z">Summit County.</subfield><subfield code="2">fast</subfield><subfield code="0">(OCoLC)fst01218286</subfield></datafield><datafield ind1="0" ind2="2" tag="730"><subfield code="a">Zip.</subfield></datafield><datafield ind1="0" ind2="2" tag="730"><subfield code="a">Courier.</subfield></datafield><datafield ind1=" " ind2=" " tag="752"><subfield code="a">United States</subfield><subfield code="b">Utah</subfield><subfield code="c">Summit</subfield><subfield code="d">Coalville.</subfield></datafield><datafield ind1=" " ind2=" " tag="752"><subfield code="a">United States</subfield><subfield code="b">Utah</subfield><subfield code="c">Morgan</subfield><subfield code="d">Morgan.</subfield></datafield><datafield ind1="0" ind2="0" tag="780"><subfield code="t">Coalville times</subfield><subfield code="x">2157-3441</subfield><subfield code="w">(DLC)sn 85058217</subfield><subfield code="w">(OCoLC)12429046</subfield></datafield><datafield ind1="1" ind2="7" tag="785"><subfield code="t">Park record (Park City, Utah : 1884)</subfield><subfield code="w">(DLC)sn 85058233</subfield><subfield code="w">(OCoLC)12442320</subfield></datafield><datafield ind1="1" ind2="7" tag="785"><subfield code="t">Summit County bee and Park record</subfield><subfield code="w">(DLC)sn 85058219</subfield><subfield code="w">(OCoLC)12429102</subfield></datafield><datafield ind1="1" ind2=" " tag="787"><subfield code="t">Morgan County news</subfield><subfield code="w">(DLC)sn 85058155</subfield><subfield code="w">(OCoLC)12248944</subfield></datafield></record>